<?xml version="1.0" encoding="UTF-8"?><collection><record><leader>05903ntm a2200553 a 4500</leader><controlfield tag="001">006815062</controlfield><controlfield tag="003">MiAaHDL</controlfield><controlfield tag="005">20190719000000.0</controlfield><controlfield tag="006">m        d        </controlfield><controlfield tag="007">cr bn ---auaua</controlfield><controlfield tag="008">090610s1763    xx            00| ||ara d</controlfield><datafield tag="035" ind1=" " ind2=" "><subfield code="a">(MiU)006815062</subfield></datafield><datafield tag="035" ind1=" " ind2=" "><subfield code="a">sdr-miu006815062</subfield></datafield><datafield tag="040" ind1=" " ind2=" "><subfield code="a">MiU</subfield><subfield code="c">MiU</subfield><subfield code="e">amremm</subfield></datafield><datafield tag="043" ind1=" " ind2=" "><subfield code="a">n-us-mi</subfield></datafield><datafield tag="100" ind1="1" ind2=" "><subfield code="6">880-01</subfield><subfield code="a">Nābulusī, ʻAbd al-Ghanī ibn Ismāʻīl,</subfield><subfield code="d">1641-1731.</subfield></datafield><datafield tag="240" ind1="1" ind2="0"><subfield code="6">880-02</subfield><subfield code="a">Dīwān al-ḥaqāʼiq wa-majmūʻ al-raqāʼiq</subfield></datafield><datafield tag="245" ind1="1" ind2="0"><subfield code="6">880-03</subfield><subfield code="a">Dīwān al-ḥaqāʼiq,</subfield><subfield code="f">[1176, i.e. 1763].</subfield></datafield><datafield tag="260" ind1=" " ind2=" "><subfield code="c">[1763].</subfield></datafield><datafield tag="300" ind1=" " ind2=" "><subfield code="a">368 leaves :</subfield><subfield code="b">paper ;</subfield><subfield code="c">205 x 155 (170 x 100) mm.</subfield></datafield><datafield tag="500" ind1=" " ind2=" "><subfield code="a">Shelfmark: Ann Arbor, University of Michigan, Special Collections Library, Isl. Ms. 634</subfield></datafield><datafield tag="500" ind1=" " ind2=" "><subfield code="a">Origin: As appears in colophon on fol.368b (p.736), copied by Muḥammad ibn al-Shaykh Muḥammad [...?]. Transcription finished ("wa-kāna al-farāgh min naskhih...") Saturday 20 [?] Jumādá II 1176 [ca. 6 January 1763] in Bilād al-bayt [?].</subfield></datafield><datafield tag="500" ind1=" " ind2=" "><subfield code="a">Accompanying materials: a. Inventory cataloguing slip in hand of Winifred Smeaton Thomas. -- b. Acquisitions slip from Yahuda.</subfield></datafield><datafield tag="500" ind1=" " ind2=" "><subfield code="a">Former shelfmark: From spine label and inscription on interior of upper cover, "IL 126" (likely supplied by Yahuda).</subfield></datafield><datafield tag="500" ind1=" " ind2=" "><subfield code="a">Binding: Pasteboards covered in darkened red-brown leather (color of envelope flap a much more vibrant red), repairs to spine and interior of fore edge flap in brown leather ; Type II binding (with flap) ; pastedowns and interior of envelope flap in laid paper ; upper and lower covers carry blind-tooled central circular piece (composition quite similar to Déroche class. NSv 1 or 2) with pendants and simple frame ; in somewhat poor condition with fore-edge flap detaching from lower cover and envelope flap, repairs to joints between the covers and the spine, much abrasion, etc.</subfield></datafield><datafield tag="500" ind1=" " ind2=" "><subfield code="a">Support: European laid paper with laid lines running horiztonally spaced roughly 13 laid lines in 20 mm. and chain lines running vertically spaced roughly 23-25 mm. apart ; lightly burnished.</subfield></datafield><datafield tag="500" ind1=" " ind2=" "><subfield code="a">Decoration: Textual dividers in the form of red discs ; text rubricated with section titles, occasional paragraphs in prose at the beginnings of new sections, and textual dividers in red.</subfield></datafield><datafield tag="500" ind1=" " ind2=" "><subfield code="a">Script: Naskh ; fine Syrian or Turkish hand (?) ; virtually sans serif with occasional right-sloping head-serifs on free-standing alif and left-sloping head-serifs on alif of lām alif ligature ; kāf mashkūlah preferred ; elongated, horizontal character with contrast between thicker horizontal strokes and thinner vertical strokes.</subfield></datafield><datafield tag="500" ind1=" " ind2=" "><subfield code="a">Layout: Written in 21 lines per page ; poetry often arranged in two columns ; frame-ruled.</subfield></datafield><datafield tag="500" ind1=" " ind2=" "><subfield code="a">Collation: i, V-4(6), 16 V (166), II (170), III (176), 19 V (366), I (368), i ; chiefly quinions ; at least one bifolium and very likely two bifolia are missing from the center of the first quire in the introductory matter of the text (missing text corresponds to p.7-13 of the 1854 Būlāq edition) ; catchwords present but occasionally lost to trimming ; traces of perhaps an earlier foliation in Hindu-Arabic numerals (see p.391, 583, etc.) ; pagination in pencil, Western numerals (supplied during cataloguing).</subfield></datafield><datafield tag="500" ind1=" " ind2=" "><subfield code="a">Colophon: "Scribal," rectangular, reads: "وكان الفراغ من نسخه ببلاد [؟] البيت بعد صلاة المغرب عشرين [؟] في جماذ [كذا] الثاني على يد محمد بن الشيخ محمد [..؟] من شهور سنة 1176"</subfield></datafield><datafield tag="500" ind1=" " ind2=" "><subfield code="a">Explicit: "وما تلى عبد الغني المديح به يخص ذلك الفريح"</subfield></datafield><datafield tag="500" ind1=" " ind2=" "><subfield code="a">Incipit: "الحمد لله الذي فتح خزائن الامكان بمفاتيح الكرم والامتنان واظهر سره المكنون بين الكاف والنون انما امره لشيئ اذا اراده ان يقول كن فيكون"</subfield></datafield><datafield tag="500" ind1=" " ind2=" "><subfield code="a">Title from inscription of 'title page' fol.1a (p.1).</subfield></datafield><datafield tag="500" ind1=" " ind2=" "><subfield code="a">Ms. codex.</subfield></datafield><datafield tag="510" ind1="4" ind2=" "><subfield code="a">Brockelmann, C. GAL,</subfield><subfield code="c">II, 348, no. 75</subfield></datafield><datafield tag="520" ind1="8" ind2=" "><subfield code="a">The first bāb of the collected poems of the author, Dīwān al-dawāwīn wa-rayḥān al-rayāḥīn fī tajallīyat al-ḥaqq al-mubīn, with a poem praising Ibn al-ʻArabī at the close. Description provided by Maxim Romanov.</subfield></datafield><datafield tag="538" ind1=" " ind2=" "><subfield code="a">Mode of access: Internet.</subfield></datafield><datafield tag="541" ind1=" " ind2=" "><subfield code="a">Acquired in 1926 from the bookseller Isaac Benjamin S.E. Yahuda via purchase transacted on his behalf by Abraham Shalom Yahuda (1877-1951), his younger brother.</subfield></datafield><datafield tag="546" ind1=" " ind2=" "><subfield code="a">Arabic.</subfield></datafield><datafield tag="561" ind1=" " ind2=" "><subfield code="a">Numerous ownership statements, birth notices, reading statements, etc. at the front and back of the text, many of them dated and including transcription of the shahādah ; among the statements: birth notice for Muṣṭafá ibn Hāshim Aṣfarī dated 1268 H (front flyleaf), statement of ʻAbd al-Qādir ibn Hāshim Jawharī dated 5 Ramaḍān 1241 (front flyleaf), two ownership statements with names of former owners effaced dated Ramaḍān 1180 and Rajab 1241 respectively (fol.1a/p.1), reading/study notice in name of Ḥasan Aṣfarī (back flyleaf), reading/study notice in name of Ibrahīm Naʻsān (back flyleaf), reading/study notice in name of Muḥammad Amīn dated 1264 ; a few marginal corrections.</subfield></datafield><datafield tag="650" ind1=" " ind2="0"><subfield code="a">Manuscripts, Arabic</subfield><subfield code="z">Michigan</subfield><subfield code="z">Ann Arbor.</subfield></datafield><datafield tag="650" ind1=" " ind2="0"><subfield code="a">Sufi poetry, Arabic</subfield><subfield code="v">Early works to 1800.</subfield></datafield><datafield tag="700" ind1="0" ind2=" "><subfield code="6">880-04</subfield><subfield code="a">Muḥammad ibn al-Shaykh Muḥammad,</subfield><subfield code="d">flourished 1763,</subfield><subfield code="e">scribe.</subfield></datafield><datafield tag="773" ind1="0" ind2=" "><subfield code="a">Yahuda Collection.</subfield></datafield><datafield tag="880" ind1="0" ind2=" "><subfield code="6">700-04/</subfield><subfield code="a">محمد بن الشيخ محمد,</subfield><subfield code="e">ناسخ.</subfield></datafield><datafield tag="880" ind1="1" ind2="0"><subfield code="6">245-03/</subfield><subfield code="a">ديوان الحقائق,</subfield><subfield code="f">[1176ه، 1763م].</subfield></datafield><datafield tag="880" ind1="1" ind2="0"><subfield code="6">240-02/</subfield><subfield code="a">ديوان الحقائق ومجموع الرقائق</subfield></datafield><datafield tag="880" ind1="1" ind2=" "><subfield code="6">100-01/</subfield><subfield code="a">نابلوسي، عبد الغني اسماعيل.</subfield></datafield><datafield tag="CID" ind1=" " ind2=" "><subfield code="a">006815062</subfield></datafield><datafield tag="DAT" ind1="0" ind2=" "><subfield code="a">20190719102638.0</subfield><subfield code="b">20190719000000.0</subfield></datafield><datafield tag="DAT" ind1="1" ind2=" "><subfield code="a">20190719090653.0</subfield><subfield code="b">2019-07-19T16:11:55Z</subfield></datafield><datafield tag="DAT" ind1="2" ind2=" "><subfield code="a">2015-10-10T18:00:06Z</subfield></datafield><datafield tag="CAT" ind1=" " ind2=" "><subfield code="a">SDR-MIU</subfield><subfield code="d">EX LIBRIS - ALEPH</subfield><subfield code="l">prepare.pl-004-008</subfield></datafield><datafield tag="FMT" ind1=" " ind2=" "><subfield code="a">BK</subfield></datafield><datafield tag="HOL" ind1=" " ind2=" "><subfield code="0">sdr-miu006815062</subfield><subfield code="a">MiU</subfield><subfield code="b">SDR</subfield><subfield code="c">MIU</subfield><subfield code="p">mdp.39015079129253</subfield><subfield code="s">MIU</subfield><subfield code="1">006815062</subfield></datafield><datafield tag="974" ind1=" " ind2=" "><subfield code="b">MIU</subfield><subfield code="c">MIU</subfield><subfield code="d">20190719</subfield><subfield code="s">lit-dlps-dc</subfield><subfield code="u">mdp.39015079129253</subfield><subfield code="y">1763</subfield><subfield code="r">pd</subfield><subfield code="q">bib</subfield><subfield code="t">non-US bib date1 &lt; 1896</subfield></datafield></record></collection>